%YAML 1.1
%TAG !u! tag:unity3d.com,2011:
--- !u!29 &1
OcclusionCullingSettings:
  m_ObjectHideFlags: 0
  serializedVersion: 2
  m_OcclusionBakeSettings:
    smallestOccluder: 5
    smallestHole: 0.25
    backfaceThreshold: 100
  m_SceneGUID: 00000000000000000000000000000000
  m_OcclusionCullingData: {fileID: 0}
--- !u!104 &2
RenderSettings:
  m_ObjectHideFlags: 0
  serializedVersion: 8
  m_Fog: 0
  m_FogColor: {r: 0.5, g: 0.5, b: 0.5, a: 1}
  m_FogMode: 3
  m_FogDensity: 0.01
  m_LinearFogStart: 0
  m_LinearFogEnd: 300
  m_AmbientSkyColor: {r: 0.212, g: 0.227, b: 0.259, a: 1}
  m_AmbientEquatorColor: {r: 0.114, g: 0.125, b: 0.133, a: 1}
  m_AmbientGroundColor: {r: 0.047, g: 0.043, b: 0.035, a: 1}
  m_AmbientIntensity: 1
  m_AmbientMode: 0
  m_SubtractiveShadowColor: {r: 0.42, g: 0.478, b: 0.627, a: 1}
  m_SkyboxMaterial: {fileID: 10304, guid: 0000000000000000f000000000000000, type: 0}
  m_HaloStrength: 0.5
  m_FlareStrength: 1
  m_FlareFadeSpeed: 3
  m_HaloTexture: {fileID: 0}
  m_SpotCookie: {fileID: 10001, guid: 0000000000000000e000000000000000, type: 0}
  m_DefaultReflectionMode: 0
  m_DefaultReflectionResolution: 128
  m_ReflectionBounces: 1
  m_ReflectionIntensity: 1
  m_CustomReflection: {fileID: 0}
  m_Sun: {fileID: 0}
  m_IndirectSpecularColor: {r: 0.44657898, g: 0.4964133, b: 0.5748178, a: 1}
--- !u!157 &3
LightmapSettings:
  m_ObjectHideFlags: 0
  serializedVersion: 11
  m_GIWorkflowMode: 0
  m_GISettings:
    serializedVersion: 2
    m_BounceScale: 1
    m_IndirectOutputScale: 1
    m_AlbedoBoost: 1
    m_TemporalCoherenceThreshold: 1
    m_EnvironmentLightingMode: 0
    m_EnableBakedLightmaps: 1
    m_EnableRealtimeLightmaps: 1
  m_LightmapEditorSettings:
    serializedVersion: 9
    m_Resolution: 2
    m_BakeResolution: 40
    m_TextureWidth: 1024
    m_TextureHeight: 1024
    m_AO: 0
    m_AOMaxDistance: 1
    m_CompAOExponent: 1
    m_CompAOExponentDirect: 0
    m_Padding: 2
    m_LightmapParameters: {fileID: 0}
    m_LightmapsBakeMode: 1
    m_TextureCompression: 1
    m_FinalGather: 0
    m_FinalGatherFiltering: 1
    m_FinalGatherRayCount: 256
    m_ReflectionCompression: 2
    m_MixedBakeMode: 2
    m_BakeBackend: 0
    m_PVRSampling: 1
    m_PVRDirectSampleCount: 32
    m_PVRSampleCount: 500
    m_PVRBounces: 2
    m_PVRFilterTypeDirect: 0
    m_PVRFilterTypeIndirect: 0
    m_PVRFilterTypeAO: 0
    m_PVRFilteringMode: 1
    m_PVRCulling: 1
    m_PVRFilteringGaussRadiusDirect: 1
    m_PVRFilteringGaussRadiusIndirect: 5
    m_PVRFilteringGaussRadiusAO: 2
    m_PVRFilteringAtrousPositionSigmaDirect: 0.5
    m_PVRFilteringAtrousPositionSigmaIndirect: 2
    m_PVRFilteringAtrousPositionSigmaAO: 1
    m_ShowResolutionOverlay: 1
  m_LightingDataAsset: {fileID: 0}
  m_UseShadowmask: 1
--- !u!196 &4
NavMeshSettings:
  serializedVersion: 2
  m_ObjectHideFlags: 0
  m_BuildSettings:
    serializedVersion: 2
    agentTypeID: 0
    agentRadius: 0.5
    agentHeight: 2
    agentSlope: 45
    agentClimb: 0.4
    ledgeDropHeight: 0
    maxJumpAcrossDistance: 0
    minRegionArea: 2
    manualCellSize: 0
    cellSize: 0.16666667
    manualTileSize: 0
    tileSize: 256
    accuratePlacement: 0
    debug:
      m_Flags: 0
  m_NavMeshData: {fileID: 0}
--- !u!1001 &17672100
Prefab:
  m_ObjectHideFlags: 0
  serializedVersion: 2
  m_Modification:
    m_TransformParent: {fileID: 54206643}
    m_Modifications:
    - target: {fileID: 4401767555350850, guid: 9aeb8971c915dd543ab3237064a713cd, type: 2}
      propertyPath: m_RootOrder
      value: 1
      objectReference: {fileID: 0}
    - target: {fileID: 1969535738047986, guid: 9aeb8971c915dd543ab3237064a713cd, type: 2}
      propertyPath: m_Name
      value: Gizmo Hand Left
      objectReference: {fileID: 0}
    - target: {fileID: 4401767555350850, guid: 9aeb8971c915dd543ab3237064a713cd, type: 2}
      propertyPath: m_LocalPosition.x
      value: 0
      objectReference: {fileID: 0}
    - target: {fileID: 1127336526059424, guid: 9aeb8971c915dd543ab3237064a713cd, type: 2}
      propertyPath: m_Name
      value: VR SPACE
      objectReference: {fileID: 0}
    - target: {fileID: 4401767555350850, guid: 9aeb8971c915dd543ab3237064a713cd, type: 2}
      propertyPath: m_LocalRotation.x
      value: -0
      objectReference: {fileID: 0}
    - target: {fileID: 4401767555350850, guid: 9aeb8971c915dd543ab3237064a713cd, type: 2}
      propertyPath: m_LocalRotation.y
      value: -0
      objectReference: {fileID: 0}
    - target: {fileID: 4401767555350850, guid: 9aeb8971c915dd543ab3237064a713cd, type: 2}
      propertyPath: m_LocalRotation.z
      value: -0
      objectReference: {fileID: 0}
    - target: {fileID: 4401767555350850, guid: 9aeb8971c915dd543ab3237064a713cd, type: 2}
      propertyPath: m_LocalPosition.y
      value: 0
      objectReference: {fileID: 0}
    - target: {fileID: 4401767555350850, guid: 9aeb8971c915dd543ab3237064a713cd, type: 2}
      propertyPath: m_LocalPosition.z
      value: 0
      objectReference: {fileID: 0}
    m_RemovedComponents: []
  m_ParentPrefab: {fileID: 100100000, guid: 9aeb8971c915dd543ab3237064a713cd, type: 2}
  m_IsPrefabParent: 0
--- !u!1 &54206642
GameObject:
  m_ObjectHideFlags: 0
  m_PrefabParentObject: {fileID: 0}
  m_PrefabInternal: {fileID: 0}
  serializedVersion: 5
  m_Component:
  - component: {fileID: 54206643}
  m_Layer: 0
  m_Name: VR Head Face Boxing Mirroring
  m_TagString: Untagged
  m_Icon: {fileID: 0}
  m_NavMeshLayer: 0
  m_StaticEditorFlags: 0
  m_IsActive: 1
--- !u!4 &54206643
Transform:
  m_ObjectHideFlags: 0
  m_PrefabParentObject: {fileID: 0}
  m_PrefabInternal: {fileID: 0}
  m_GameObject: {fileID: 54206642}
  m_LocalRotation: {x: -0, y: 0.38268322, z: -0, w: 0.9238797}
  m_LocalPosition: {x: 18.15, y: -1.0947266, z: -17.96}
  m_LocalScale: {x: 1, y: 1, z: 1}
  m_Children:
  - {fileID: 1812533604}
  - {fileID: 1561274784}
  - {fileID: 1846585801}
  - {fileID: 1128878515}
  m_Father: {fileID: 0}
  m_RootOrder: 5
  m_LocalEulerAnglesHint: {x: 0, y: 45.000004, z: 0}
--- !u!1001 &67696362
Prefab:
  m_ObjectHideFlags: 0
  serializedVersion: 2
  m_Modification:
    m_TransformParent: {fileID: 842102272}
    m_Modifications:
    - target: {fileID: 4401767555350850, guid: 9aeb8971c915dd543ab3237064a713cd, type: 2}
      propertyPath: m_RootOrder
      value: 1
      objectReference: {fileID: 0}
    - target: {fileID: 1969535738047986, guid: 9aeb8971c915dd543ab3237064a713cd, type: 2}
      propertyPath: m_Name
      value: Gizmo Hand Left
      objectReference: {fileID: 0}
    - target: {fileID: 4401767555350850, guid: 9aeb8971c915dd543ab3237064a713cd, type: 2}
      propertyPath: m_LocalPosition.x
      value: 0
      objectReference: {fileID: 0}
    - target: {fileID: 1127336526059424, guid: 9aeb8971c915dd543ab3237064a713cd, type: 2}
      propertyPath: m_Name
      value: VR SPACE
      objectReference: {fileID: 0}
    - target: {fileID: 4401767555350850, guid: 9aeb8971c915dd543ab3237064a713cd, type: 2}
      propertyPath: m_LocalRotation.x
      value: -0
      objectReference: {fileID: 0}
    - target: {fileID: 4401767555350850, guid: 9aeb8971c915dd543ab3237064a713cd, type: 2}
      propertyPath: m_LocalRotation.y
      value: -0
      objectReference: {fileID: 0}
    - target: {fileID: 4401767555350850, guid: 9aeb8971c915dd543ab3237064a713cd, type: 2}
      propertyPath: m_LocalRotation.z
      value: -0
      objectReference: {fileID: 0}
    - target: {fileID: 4401767555350850, guid: 9aeb8971c915dd543ab3237064a713cd, type: 2}
      propertyPath: m_LocalPosition.y
      value: 0
      objectReference: {fileID: 0}
    - target: {fileID: 4401767555350850, guid: 9aeb8971c915dd543ab3237064a713cd, type: 2}
      propertyPath: m_LocalPosition.z
      value: 0
      objectReference: {fileID: 0}
    m_RemovedComponents: []
  m_ParentPrefab: {fileID: 100100000, guid: 9aeb8971c915dd543ab3237064a713cd, type: 2}
  m_IsPrefabParent: 0
--- !u!4 &67696363 stripped
Transform:
  m_PrefabParentObject: {fileID: 4401767555350850, guid: 9aeb8971c915dd543ab3237064a713cd,
    type: 2}
  m_PrefabInternal: {fileID: 67696362}
--- !u!1 &101214279
GameObject:
  m_ObjectHideFlags: 0
  m_PrefabParentObject: {fileID: 0}
  m_PrefabInternal: {fileID: 0}
  serializedVersion: 5
  m_Component:
  - component: {fileID: 101214282}
  - component: {fileID: 101214281}
  - component: {fileID: 101214280}
  m_Layer: 0
  m_Name: EventSystem
  m_TagString: Untagged
  m_Icon: {fileID: 0}
  m_NavMeshLayer: 0
  m_StaticEditorFlags: 0
  m_IsActive: 1
--- !u!114 &101214280
MonoBehaviour:
  m_ObjectHideFlags: 0
  m_PrefabParentObject: {fileID: 0}
  m_PrefabInternal: {fileID: 0}
  m_GameObject: {fileID: 101214279}
  m_Enabled: 1
  m_EditorHideFlags: 0
  m_Script: {fileID: 1077351063, guid: f5f67c52d1564df4a8936ccd202a3bd8, type: 3}
  m_Name: 
  m_EditorClassIdentifier: 
  m_HorizontalAxis: Horizontal
  m_VerticalAxis: Vertical
  m_SubmitButton: Submit
  m_CancelButton: Cancel
  m_InputActionsPerSecond: 10
  m_RepeatDelay: 0.5
  m_ForceModuleActive: 0
--- !u!114 &101214281
MonoBehaviour:
  m_ObjectHideFlags: 0
  m_PrefabParentObject: {fileID: 0}
  m_PrefabInternal: {fileID: 0}
  m_GameObject: {fileID: 101214279}
  m_Enabled: 1
  m_EditorHideFlags: 0
  m_Script: {fileID: -619905303, guid: f5f67c52d1564df4a8936ccd202a3bd8, type: 3}
  m_Name: 
  m_EditorClassIdentifier: 
  m_FirstSelected: {fileID: 0}
  m_sendNavigationEvents: 1
  m_DragThreshold: 5
--- !u!4 &101214282
Transform:
  m_ObjectHideFlags: 0
  m_PrefabParentObject: {fileID: 0}
  m_PrefabInternal: {fileID: 0}
  m_GameObject: {fileID: 101214279}
  m_LocalRotation: {x: 0, y: 0, z: 0, w: 1}
  m_LocalPosition: {x: 0, y: 0, z: 0}
  m_LocalScale: {x: 1, y: 1, z: 1}
  m_Children: []
  m_Father: {fileID: 0}
  m_RootOrder: 9
  m_LocalEulerAnglesHint: {x: 0, y: 0, z: 0}
--- !u!1 &148478249
GameObject:
  m_ObjectHideFlags: 0
  m_PrefabParentObject: {fileID: 0}
  m_PrefabInternal: {fileID: 0}
  serializedVersion: 5
  m_Component:
  - component: {fileID: 148478253}
  - component: {fileID: 148478252}
  - component: {fileID: 148478251}
  - component: {fileID: 148478250}
  m_Layer: 0
  m_Name: Main Camera
  m_TagString: MainCamera
  m_Icon: {fileID: 0}
  m_NavMeshLayer: 0
  m_StaticEditorFlags: 0
  m_IsActive: 1
--- !u!81 &148478250
AudioListener:
  m_ObjectHideFlags: 0
  m_PrefabParentObject: {fileID: 0}
  m_PrefabInternal: {fileID: 0}
  m_GameObject: {fileID: 148478249}
  m_Enabled: 1
--- !u!124 &148478251
Behaviour:
  m_ObjectHideFlags: 0
  m_PrefabParentObject: {fileID: 0}
  m_PrefabInternal: {fileID: 0}
  m_GameObject: {fileID: 148478249}
  m_Enabled: 1
--- !u!20 &148478252
Camera:
  m_ObjectHideFlags: 0
  m_PrefabParentObject: {fileID: 0}
  m_PrefabInternal: {fileID: 0}
  m_GameObject: {fileID: 148478249}
  m_Enabled: 1
  serializedVersion: 2
  m_ClearFlags: 1
  m_BackGroundColor: {r: 0.19215687, g: 0.3019608, b: 0.4745098, a: 0}
  m_NormalizedViewPortRect:
    serializedVersion: 2
    x: 0
    y: 0
    width: 1
    height: 1
  near clip plane: 0.3
  far clip plane: 1000
  field of view: 60
  orthographic: 0
  orthographic size: 5
  m_Depth: -1
  m_CullingMask:
    serializedVersion: 2
    m_Bits: 4294967295
  m_RenderingPath: -1
  m_TargetTexture: {fileID: 0}
  m_TargetDisplay: 0
  m_TargetEye: 3
  m_HDR: 1
  m_AllowMSAA: 1
  m_AllowDynamicResolution: 0
  m_ForceIntoRT: 0
  m_OcclusionCulling: 1
  m_StereoConvergence: 10
  m_StereoSeparation: 0.022
--- !u!4 &148478253
Transform:
  m_ObjectHideFlags: 0
  m_PrefabParentObject: {fileID: 0}
  m_PrefabInternal: {fileID: 0}
  m_GameObject: {fileID: 148478249}
  m_LocalRotation: {x: 0, y: 0, z: 0, w: 1}
  m_LocalPosition: {x: 0, y: 1, z: -10}
  m_LocalScale: {x: 1, y: 1, z: 1}
  m_Children: []
  m_Father: {fileID: 0}
  m_RootOrder: 0
  m_LocalEulerAnglesHint: {x: 0, y: 0, z: 0}
--- !u!1001 &271695391
Prefab:
  m_ObjectHideFlags: 0
  serializedVersion: 2
  m_Modification:
    m_TransformParent: {fileID: 933074798}
    m_Modifications:
    - target: {fileID: 4401767555350850, guid: 9aeb8971c915dd543ab3237064a713cd, type: 2}
      propertyPath: m_RootOrder
      value: 1
      objectReference: {fileID: 0}
    - target: {fileID: 1969535738047986, guid: 9aeb8971c915dd543ab3237064a713cd, type: 2}
      propertyPath: m_Name
      value: Gizmo Hand Left
      objectReference: {fileID: 0}
    - target: {fileID: 4401767555350850, guid: 9aeb8971c915dd543ab3237064a713cd, type: 2}
      propertyPath: m_LocalPosition.x
      value: 0
      objectReference: {fileID: 0}
    - target: {fileID: 1127336526059424, guid: 9aeb8971c915dd543ab3237064a713cd, type: 2}
      propertyPath: m_Name
      value: VR SPACE
      objectReference: {fileID: 0}
    - target: {fileID: 4401767555350850, guid: 9aeb8971c915dd543ab3237064a713cd, type: 2}
      propertyPath: m_LocalRotation.x
      value: -0
      objectReference: {fileID: 0}
    - target: {fileID: 4401767555350850, guid: 9aeb8971c915dd543ab3237064a713cd, type: 2}
      propertyPath: m_LocalRotation.y
      value: -0
      objectReference: {fileID: 0}
    - target: {fileID: 4401767555350850, guid: 9aeb8971c915dd543ab3237064a713cd, type: 2}
      propertyPath: m_LocalRotation.z
      value: -0
      objectReference: {fileID: 0}
    - target: {fileID: 4401767555350850, guid: 9aeb8971c915dd543ab3237064a713cd, type: 2}
      propertyPath: m_LocalPosition.y
      value: 0
      objectReference: {fileID: 0}
    - target: {fileID: 4401767555350850, guid: 9aeb8971c915dd543ab3237064a713cd, type: 2}
      propertyPath: m_LocalPosition.z
      value: 0
      objectReference: {fileID: 0}
    m_RemovedComponents: []
  m_ParentPrefab: {fileID: 100100000, guid: 9aeb8971c915dd543ab3237064a713cd, type: 2}
  m_IsPrefabParent: 0
--- !u!1001 &309570740
Prefab:
  m_ObjectHideFlags: 0
  serializedVersion: 2
  m_Modification:
    m_TransformParent: {fileID: 842102272}
    m_Modifications:
    - target: {fileID: 4401767555350850, guid: 9aeb8971c915dd543ab3237064a713cd, type: 2}
      propertyPath: m_RootOrder
      value: 3
      objectReference: {fileID: 0}
    - target: {fileID: 1969535738047986, guid: 9aeb8971c915dd543ab3237064a713cd, type: 2}
      propertyPath: m_Name
      value: Gizmo Head Root
      objectReference: {fileID: 0}
    - target: {fileID: 4401767555350850, guid: 9aeb8971c915dd543ab3237064a713cd, type: 2}
      propertyPath: m_LocalPosition.x
      value: 0
      objectReference: {fileID: 0}
    - target: {fileID: 1127336526059424, guid: 9aeb8971c915dd543ab3237064a713cd, type: 2}
      propertyPath: m_Name
      value: VR SPACE
      objectReference: {fileID: 0}
    - target: {fileID: 4401767555350850, guid: 9aeb8971c915dd543ab3237064a713cd, type: 2}
      propertyPath: m_LocalRotation.x
      value: -0
      objectReference: {fileID: 0}
    - target: {fileID: 4401767555350850, guid: 9aeb8971c915dd543ab3237064a713cd, type: 2}
      propertyPath: m_LocalRotation.y
      value: -0
      objectReference: {fileID: 0}
    - target: {fileID: 4401767555350850, guid: 9aeb8971c915dd543ab3237064a713cd, type: 2}
      propertyPath: m_LocalRotation.z
      value: -0
      objectReference: {fileID: 0}
    - target: {fileID: 4401767555350850, guid: 9aeb8971c915dd543ab3237064a713cd, type: 2}
      propertyPath: m_LocalPosition.y
      value: 0
      objectReference: {fileID: 0}
    - target: {fileID: 4401767555350850, guid: 9aeb8971c915dd543ab3237064a713cd, type: 2}
      propertyPath: m_LocalPosition.z
      value: 0
      objectReference: {fileID: 0}
    m_RemovedComponents: []
  m_ParentPrefab: {fileID: 100100000, guid: 9aeb8971c915dd543ab3237064a713cd, type: 2}
  m_IsPrefabParent: 0
--- !u!4 &309570741 stripped
Transform:
  m_PrefabParentObject: {fileID: 4401767555350850, guid: 9aeb8971c915dd543ab3237064a713cd,
    type: 2}
  m_PrefabInternal: {fileID: 309570740}
--- !u!1 &491923605
GameObject:
  m_ObjectHideFlags: 0
  m_PrefabParentObject: {fileID: 0}
  m_PrefabInternal: {fileID: 0}
  serializedVersion: 5
  m_Component:
  - component: {fileID: 491923606}
  - component: {fileID: 491923607}
  - component: {fileID: 491923608}
  m_Layer: 0
  m_Name: HandFacingHelmetToStatus
  m_TagString: Untagged
  m_Icon: {fileID: 0}
  m_NavMeshLayer: 0
  m_StaticEditorFlags: 0
  m_IsActive: 1
--- !u!4 &491923606
Transform:
  m_ObjectHideFlags: 0
  m_PrefabParentObject: {fileID: 0}
  m_PrefabInternal: {fileID: 0}
  m_GameObject: {fileID: 491923605}
  m_LocalRotation: {x: -0, y: -0, z: -0, w: 1}
  m_LocalPosition: {x: 0, y: 0, z: 0}
  m_LocalScale: {x: 1, y: 1, z: 1}
  m_Children: []
  m_Father: {fileID: 2014069938}
  m_RootOrder: 0
  m_LocalEulerAnglesHint: {x: 0, y: 0, z: 0}
--- !u!114 &491923607
MonoBehaviour:
  m_ObjectHideFlags: 0
  m_PrefabParentObject: {fileID: 0}
  m_PrefabInternal: {fileID: 0}
  m_GameObject: {fileID: 491923605}
  m_Enabled: 1
  m_EditorHideFlags: 0
  m_Script: {fileID: 11500000, guid: eed51be88a917034abef9806236b5f2f, type: 3}
  m_Name: 
  m_EditorClassIdentifier: 
  m_hand: {fileID: 526412673}
  m_directionForward: {x: 0, y: 0, z: 0}
  m_directionUpward: {x: 0, y: 0, z: 0}
  m_euler: {x: 0, y: 0, z: 0}
  m_verticalAngle: 0
  m_horizontalAngle: 0
  m_state: 0
  m_protectingToleerance: 0.8
  m_hittingTolerance: 0.7
  m_debugState: {fileID: 1345597119}
--- !u!114 &491923608
MonoBehaviour:
  m_ObjectHideFlags: 0
  m_PrefabParentObject: {fileID: 0}
  m_PrefabInternal: {fileID: 0}
  m_GameObject: {fileID: 491923605}
  m_Enabled: 1
  m_EditorHideFlags: 0
  m_Script: {fileID: 11500000, guid: eed51be88a917034abef9806236b5f2f, type: 3}
  m_Name: 
  m_EditorClassIdentifier: 
  m_hand: {fileID: 1769281606}
  m_directionForward: {x: 0, y: 0, z: 0}
  m_directionUpward: {x: 0, y: 0, z: 0}
  m_euler: {x: 0, y: 0, z: 0}
  m_verticalAngle: 0
  m_horizontalAngle: 0
  m_state: 0
  m_protectingToleerance: 0.8
  m_hittingTolerance: 0.7
  m_debugState: {fileID: 548278987}
--- !u!1001 &492650870
Prefab:
  m_ObjectHideFlags: 0
  serializedVersion: 2
  m_Modification:
    m_TransformParent: {fileID: 532077878}
    m_Modifications:
    - target: {fileID: 4401767555350850, guid: 9aeb8971c915dd543ab3237064a713cd, type: 2}
      propertyPath: m_RootOrder
      value: 2
      objectReference: {fileID: 0}
    - target: {fileID: 1969535738047986, guid: 9aeb8971c915dd543ab3237064a713cd, type: 2}
      propertyPath: m_Name
      value: Gizmo Hand Right
      objectReference: {fileID: 0}
    - target: {fileID: 4401767555350850, guid: 9aeb8971c915dd543ab3237064a713cd, type: 2}
      propertyPath: m_LocalPosition.x
      value: 0
      objectReference: {fileID: 0}
    - target: {fileID: 1127336526059424, guid: 9aeb8971c915dd543ab3237064a713cd, type: 2}
      propertyPath: m_Name
      value: VR SPACE
      objectReference: {fileID: 0}
    - target: {fileID: 4401767555350850, guid: 9aeb8971c915dd543ab3237064a713cd, type: 2}
      propertyPath: m_LocalRotation.x
      value: -0
      objectReference: {fileID: 0}
    - target: {fileID: 4401767555350850, guid: 9aeb8971c915dd543ab3237064a713cd, type: 2}
      propertyPath: m_LocalRotation.y
      value: -0
      objectReference: {fileID: 0}
    - target: {fileID: 4401767555350850, guid: 9aeb8971c915dd543ab3237064a713cd, type: 2}
      propertyPath: m_LocalRotation.z
      value: -0
      objectReference: {fileID: 0}
    - target: {fileID: 4401767555350850, guid: 9aeb8971c915dd543ab3237064a713cd, type: 2}
      propertyPath: m_LocalPosition.y
      value: 0
      objectReference: {fileID: 0}
    - target: {fileID: 4401767555350850, guid: 9aeb8971c915dd543ab3237064a713cd, type: 2}
      propertyPath: m_LocalPosition.z
      value: 0
      objectReference: {fileID: 0}
    m_RemovedComponents: []
  m_ParentPrefab: {fileID: 100100000, guid: 9aeb8971c915dd543ab3237064a713cd, type: 2}
  m_IsPrefabParent: 0
--- !u!4 &492677989 stripped
Transform:
  m_PrefabParentObject: {fileID: 4401767555350850, guid: 9aeb8971c915dd543ab3237064a713cd,
    type: 2}
  m_PrefabInternal: {fileID: 849516200}
--- !u!4 &526412673 stripped
Transform:
  m_PrefabParentObject: {fileID: 4401767555350850, guid: 9aeb8971c915dd543ab3237064a713cd,
    type: 2}
  m_PrefabInternal: {fileID: 607540005}
--- !u!1 &532077877
GameObject:
  m_ObjectHideFlags: 0
  m_PrefabParentObject: {fileID: 0}
  m_PrefabInternal: {fileID: 0}
  serializedVersion: 5
  m_Component:
  - component: {fileID: 532077878}
  m_Layer: 0
  m_Name: VR Head Face Boxing Mirroring Qualibration
  m_TagString: Untagged
  m_Icon: {fileID: 0}
  m_NavMeshLayer: 0
  m_StaticEditorFlags: 0
  m_IsActive: 1
--- !u!4 &532077878
Transform:
  m_ObjectHideFlags: 0
  m_PrefabParentObject: {fileID: 0}
  m_PrefabInternal: {fileID: 0}
  m_GameObject: {fileID: 532077877}
  m_LocalRotation: {x: -0, y: 0.38268322, z: -0, w: 0.9238797}
  m_LocalPosition: {x: 24.8, y: -1.0947266, z: -24.61}
  m_LocalScale: {x: 1, y: 1, z: 1}
  m_Children:
  - {fileID: 2092519092}
  - {fileID: 526412673}
  - {fileID: 1769281606}
  - {fileID: 788486316}
  m_Father: {fileID: 0}
  m_RootOrder: 7
  m_LocalEulerAnglesHint: {x: 0, y: 45.000004, z: 0}
--- !u!1 &548278985
GameObject:
  m_ObjectHideFlags: 0
  m_PrefabParentObject: {fileID: 0}
  m_PrefabInternal: {fileID: 0}
  serializedVersion: 5
  m_Component:
  - component: {fileID: 548278986}
  - component: {fileID: 548278988}
  - component: {fileID: 548278987}
  m_Layer: 5
  m_Name: Right Hand State
  m_TagString: Untagged
  m_Icon: {fileID: 0}
  m_NavMeshLayer: 0
  m_StaticEditorFlags: 0
  m_IsActive: 1
--- !u!224 &548278986
RectTransform:
  m_ObjectHideFlags: 0
  m_PrefabParentObject: {fileID: 0}
  m_PrefabInternal: {fileID: 0}
  m_GameObject: {fileID: 548278985}
  m_LocalRotation: {x: -0, y: -0, z: -0, w: 1}
  m_LocalPosition: {x: 0, y: 0, z: 0}
  m_LocalScale: {x: 1, y: 1, z: 1}
  m_Children: []
  m_Father: {fileID: 549042684}
  m_RootOrder: 2
  m_LocalEulerAnglesHint: {x: 0, y: 0, z: 0}
  m_AnchorMin: {x: 0.5, y: 0.3}
  m_AnchorMax: {x: 1, y: 0.7}
  m_AnchoredPosition: {x: 0, y: 0}
  m_SizeDelta: {x: 0, y: 0}
  m_Pivot: {x: 0.5, y: 0.5}
--- !u!114 &548278987
MonoBehaviour:
  m_ObjectHideFlags: 0
  m_PrefabParentObject: {fileID: 0}
  m_PrefabInternal: {fileID: 0}
  m_GameObject: {fileID: 548278985}
  m_Enabled: 1
  m_EditorHideFlags: 0
  m_Script: {fileID: 708705254, guid: f5f67c52d1564df4a8936ccd202a3bd8, type: 3}
  m_Name: 
  m_EditorClassIdentifier: 
  m_Material: {fileID: 0}
  m_Color: {r: 0.19607843, g: 0.19607843, b: 0.19607843, a: 1}
  m_RaycastTarget: 1
  m_OnCullStateChanged:
    m_PersistentCalls:
      m_Calls: []
    m_TypeName: UnityEngine.UI.MaskableGraphic+CullStateChangedEvent, UnityEngine.UI,
      Version=1.0.0.0, Culture=neutral, PublicKeyToken=null
  m_FontData:
    m_Font: {fileID: 10102, guid: 0000000000000000e000000000000000, type: 0}
    m_FontSize: 14
    m_FontStyle: 0
    m_BestFit: 1
    m_MinSize: 10
    m_MaxSize: 200
    m_Alignment: 4
    m_AlignByGeometry: 0
    m_RichText: 1
    m_HorizontalOverflow: 0
    m_VerticalOverflow: 0
    m_LineSpacing: 1
  m_Text: '[m]'
--- !u!222 &548278988
CanvasRenderer:
  m_ObjectHideFlags: 0
  m_PrefabParentObject: {fileID: 0}
  m_PrefabInternal: {fileID: 0}
  m_GameObject: {fileID: 548278985}
--- !u!1 &549042680
GameObject:
  m_ObjectHideFlags: 0
  m_PrefabParentObject: {fileID: 0}
  m_PrefabInternal: {fileID: 0}
  serializedVersion: 5
  m_Component:
  - component: {fileID: 549042684}
  - component: {fileID: 549042683}
  - component: {fileID: 549042682}
  - component: {fileID: 549042681}
  m_Layer: 5
  m_Name: Canvas
  m_TagString: Untagged
  m_Icon: {fileID: 0}
  m_NavMeshLayer: 0
  m_StaticEditorFlags: 0
  m_IsActive: 1
--- !u!114 &549042681
MonoBehaviour:
  m_ObjectHideFlags: 0
  m_PrefabParentObject: {fileID: 0}
  m_PrefabInternal: {fileID: 0}
  m_GameObject: {fileID: 549042680}
  m_Enabled: 1
  m_EditorHideFlags: 0
  m_Script: {fileID: 1301386320, guid: f5f67c52d1564df4a8936ccd202a3bd8, type: 3}
  m_Name: 
  m_EditorClassIdentifier: 
  m_IgnoreReversedGraphics: 1
  m_BlockingObjects: 0
  m_BlockingMask:
    serializedVersion: 2
    m_Bits: 4294967295
--- !u!114 &549042682
MonoBehaviour:
  m_ObjectHideFlags: 0
  m_PrefabParentObject: {fileID: 0}
  m_PrefabInternal: {fileID: 0}
  m_GameObject: {fileID: 549042680}
  m_Enabled: 1
  m_EditorHideFlags: 0
  m_Script: {fileID: 1980459831, guid: f5f67c52d1564df4a8936ccd202a3bd8, type: 3}
  m_Name: 
  m_EditorClassIdentifier: 
  m_UiScaleMode: 1
  m_ReferencePixelsPerUnit: 100
  m_ScaleFactor: 1
  m_ReferenceResolution: {x: 800, y: 600}
  m_ScreenMatchMode: 0
  m_MatchWidthOrHeight: 0
  m_PhysicalUnit: 3
  m_FallbackScreenDPI: 96
  m_DefaultSpriteDPI: 96
  m_DynamicPixelsPerUnit: 1
--- !u!223 &549042683
Canvas:
  m_ObjectHideFlags: 0
  m_PrefabParentObject: {fileID: 0}
  m_PrefabInternal: {fileID: 0}
  m_GameObject: {fileID: 549042680}
  m_Enabled: 1
  serializedVersion: 3
  m_RenderMode: 0
  m_Camera: {fileID: 0}
  m_PlaneDistance: 100
  m_PixelPerfect: 0
  m_ReceivesEvents: 1
  m_OverrideSorting: 0
  m_OverridePixelPerfect: 0
  m_SortingBucketNormalizedSize: 0
  m_AdditionalShaderChannelsFlag: 0
  m_SortingLayerID: 0
  m_SortingOrder: 0
  m_TargetDisplay: 0
--- !u!224 &549042684
RectTransform:
  m_ObjectHideFlags: 0
  m_PrefabParentObject: {fileID: 0}
  m_PrefabInternal: {fileID: 0}
  m_GameObject: {fileID: 549042680}
  m_LocalRotation: {x: 0, y: 0, z: 0, w: 1}
  m_LocalPosition: {x: 0, y: 0, z: 0}
  m_LocalScale: {x: 0, y: 0, z: 0}
  m_Children:
  - {fileID: 1513741414}
  - {fileID: 1345597118}
  - {fileID: 548278986}
  m_Father: {fileID: 0}
  m_RootOrder: 8
  m_LocalEulerAnglesHint: {x: 0, y: 0, z: 0}
  m_AnchorMin: {x: 0, y: 0}
  m_AnchorMax: {x: 0, y: 0}
  m_AnchoredPosition: {x: 0, y: 0}
  m_SizeDelta: {x: 0, y: 0}
  m_Pivot: {x: 0, y: 0}
--- !u!1001 &554980650
Prefab:
  m_ObjectHideFlags: 0
  serializedVersion: 2
  m_Modification:
    m_TransformParent: {fileID: 1436394320}
    m_Modifications:
    - target: {fileID: 4401767555350850, guid: 9aeb8971c915dd543ab3237064a713cd, type: 2}
      propertyPath: m_RootOrder
      value: 0
      objectReference: {fileID: 0}
    - target: {fileID: 1969535738047986, guid: 9aeb8971c915dd543ab3237064a713cd, type: 2}
      propertyPath: m_Name
      value: Gizmo VR Space Root
      objectReference: {fileID: 0}
    - target: {fileID: 4401767555350850, guid: 9aeb8971c915dd543ab3237064a713cd, type: 2}
      propertyPath: m_LocalPosition.x
      value: 0
      objectReference: {fileID: 0}
    - target: {fileID: 1127336526059424, guid: 9aeb8971c915dd543ab3237064a713cd, type: 2}
      propertyPath: m_Name
      value: VR SPACE
      objectReference: {fileID: 0}
    - target: {fileID: 4401767555350850, guid: 9aeb8971c915dd543ab3237064a713cd, type: 2}
      propertyPath: m_LocalRotation.x
      value: -0
      objectReference: {fileID: 0}
    - target: {fileID: 4401767555350850, guid: 9aeb8971c915dd543ab3237064a713cd, type: 2}
      propertyPath: m_LocalRotation.y
      value: -0
      objectReference: {fileID: 0}
    - target: {fileID: 4401767555350850, guid: 9aeb8971c915dd543ab3237064a713cd, type: 2}
      propertyPath: m_LocalRotation.z
      value: -0
      objectReference: {fileID: 0}
    - target: {fileID: 4401767555350850, guid: 9aeb8971c915dd543ab3237064a713cd, type: 2}
      propertyPath: m_LocalPosition.y
      value: 0
      objectReference: {fileID: 0}
    - target: {fileID: 4401767555350850, guid: 9aeb8971c915dd543ab3237064a713cd, type: 2}
      propertyPath: m_LocalPosition.z
      value: 0
      objectReference: {fileID: 0}
    m_RemovedComponents: []
  m_ParentPrefab: {fileID: 100100000, guid: 9aeb8971c915dd543ab3237064a713cd, type: 2}
  m_IsPrefabParent: 0
--- !u!4 &554980651 stripped
Transform:
  m_PrefabParentObject: {fileID: 4401767555350850, guid: 9aeb8971c915dd543ab3237064a713cd,
    type: 2}
  m_PrefabInternal: {fileID: 554980650}
--- !u!1001 &604136748
Prefab:
  m_ObjectHideFlags: 0
  serializedVersion: 2
  m_Modification:
    m_TransformParent: {fileID: 842102272}
    m_Modifications:
    - target: {fileID: 4401767555350850, guid: 9aeb8971c915dd543ab3237064a713cd, type: 2}
      propertyPath: m_RootOrder
      value: 2
      objectReference: {fileID: 0}
    - target: {fileID: 1969535738047986, guid: 9aeb8971c915dd543ab3237064a713cd, type: 2}
      propertyPath: m_Name
      value: Gizmo Hand Right
      objectReference: {fileID: 0}
    - target: {fileID: 4401767555350850, guid: 9aeb8971c915dd543ab3237064a713cd, type: 2}
      propertyPath: m_LocalPosition.x
      value: 0
      objectReference: {fileID: 0}
    - target: {fileID: 1127336526059424, guid: 9aeb8971c915dd543ab3237064a713cd, type: 2}
      propertyPath: m_Name
      value: VR SPACE
      objectReference: {fileID: 0}
    - target: {fileID: 4401767555350850, guid: 9aeb8971c915dd543ab3237064a713cd, type: 2}
      propertyPath: m_LocalRotation.x
      value: -0
      objectReference: {fileID: 0}
    - target: {fileID: 4401767555350850, guid: 9aeb8971c915dd543ab3237064a713cd, type: 2}
      propertyPath: m_LocalRotation.y
      value: -0
      objectReference: {fileID: 0}
    - target: {fileID: 4401767555350850, guid: 9aeb8971c915dd543ab3237064a713cd, type: 2}
      propertyPath: m_LocalRotation.z
      value: -0
      objectReference: {fileID: 0}
    - target: {fileID: 4401767555350850, guid: 9aeb8971c915dd543ab3237064a713cd, type: 2}
      propertyPath: m_LocalPosition.y
      value: 0
      objectReference: {fileID: 0}
    - target: {fileID: 4401767555350850, guid: 9aeb8971c915dd543ab3237064a713cd, type: 2}
      propertyPath: m_LocalPosition.z
      value: 0
      objectReference: {fileID: 0}
    m_RemovedComponents: []
  m_ParentPrefab: {fileID: 100100000, guid: 9aeb8971c915dd543ab3237064a713cd, type: 2}
  m_IsPrefabParent: 0
--- !u!4 &604136749 stripped
Transform:
  m_PrefabParentObject: {fileID: 4401767555350850, guid: 9aeb8971c915dd543ab3237064a713cd,
    type: 2}
  m_PrefabInternal: {fileID: 604136748}
--- !u!1001 &607540005
Prefab:
  m_ObjectHideFlags: 0
  serializedVersion: 2
  m_Modification:
    m_TransformParent: {fileID: 532077878}
    m_Modifications:
    - target: {fileID: 4401767555350850, guid: 9aeb8971c915dd543ab3237064a713cd, type: 2}
      propertyPath: m_RootOrder
      value: 1
      objectReference: {fileID: 0}
    - target: {fileID: 1969535738047986, guid: 9aeb8971c915dd543ab3237064a713cd, type: 2}
      propertyPath: m_Name
      value: Gizmo Hand Left
      objectReference: {fileID: 0}
    - target: {fileID: 4401767555350850, guid: 9aeb8971c915dd543ab3237064a713cd, type: 2}
      propertyPath: m_LocalPosition.x
      value: 0
      objectReference: {fileID: 0}
    - target: {fileID: 1127336526059424, guid: 9aeb8971c915dd543ab3237064a713cd, type: 2}
      propertyPath: m_Name
      value: VR SPACE
      objectReference: {fileID: 0}
    - target: {fileID: 4401767555350850, guid: 9aeb8971c915dd543ab3237064a713cd, type: 2}
      propertyPath: m_LocalRotation.x
      value: -0
      objectReference: {fileID: 0}
    - target: {fileID: 4401767555350850, guid: 9aeb8971c915dd543ab3237064a713cd, type: 2}
      propertyPath: m_LocalRotation.y
      value: -0
      objectReference: {fileID: 0}
    - target: {fileID: 4401767555350850, guid: 9aeb8971c915dd543ab3237064a713cd, type: 2}
      propertyPath: m_LocalRotation.z
      value: -0
      objectReference: {fileID: 0}
    - target: {fileID: 4401767555350850, guid: 9aeb8971c915dd543ab3237064a713cd, type: 2}
      propertyPath: m_LocalPosition.y
      value: 0
      objectReference: {fileID: 0}
    - target: {fileID: 4401767555350850, guid: 9aeb8971c915dd543ab3237064a713cd, type: 2}
      propertyPath: m_LocalPosition.z
      value: 0
      objectReference: {fileID: 0}
    m_RemovedComponents: []
  m_ParentPrefab: {fileID: 100100000, guid: 9aeb8971c915dd543ab3237064a713cd, type: 2}
  m_IsPrefabParent: 0
--- !u!1 &684588785
GameObject:
  m_ObjectHideFlags: 0
  m_PrefabParentObject: {fileID: 0}
  m_PrefabInternal: {fileID: 0}
  serializedVersion: 5
  m_Component:
  - component: {fileID: 684588787}
  - component: {fileID: 684588786}
  m_Layer: 0
  m_Name: Directional Light
  m_TagString: Untagged
  m_Icon: {fileID: 0}
  m_NavMeshLayer: 0
  m_StaticEditorFlags: 0
  m_IsActive: 1
--- !u!108 &684588786
Light:
  m_ObjectHideFlags: 0
  m_PrefabParentObject: {fileID: 0}
  m_PrefabInternal: {fileID: 0}
  m_GameObject: {fileID: 684588785}
  m_Enabled: 1
  serializedVersion: 8
  m_Type: 1
  m_Color: {r: 1, g: 0.95686275, b: 0.8392157, a: 1}
  m_Intensity: 1
  m_Range: 10
  m_SpotAngle: 30
  m_CookieSize: 10
  m_Shadows:
    m_Type: 2
    m_Resolution: -1
    m_CustomResolution: -1
    m_Strength: 1
    m_Bias: 0.05
    m_NormalBias: 0.4
    m_NearPlane: 0.2
  m_Cookie: {fileID: 0}
  m_DrawHalo: 0
  m_Flare: {fileID: 0}
  m_RenderMode: 0
  m_CullingMask:
    serializedVersion: 2
    m_Bits: 4294967295
  m_Lightmapping: 4
  m_AreaSize: {x: 1, y: 1}
  m_BounceIntensity: 1
  m_ColorTemperature: 6570
  m_UseColorTemperature: 0
  m_ShadowRadius: 0
  m_ShadowAngle: 0
--- !u!4 &684588787
Transform:
  m_ObjectHideFlags: 0
  m_PrefabParentObject: {fileID: 0}
  m_PrefabInternal: {fileID: 0}
  m_GameObject: {fileID: 684588785}
  m_LocalRotation: {x: 0.40821788, y: -0.23456968, z: 0.10938163, w: 0.8754261}
  m_LocalPosition: {x: 0, y: 3, z: 0}
  m_LocalScale: {x: 1, y: 1, z: 1}
  m_Children: []
  m_Father: {fileID: 0}
  m_RootOrder: 1
  m_LocalEulerAnglesHint: {x: 50, y: -30, z: 0}
--- !u!4 &788486316 stripped
Transform:
  m_PrefabParentObject: {fileID: 4401767555350850, guid: 9aeb8971c915dd543ab3237064a713cd,
    type: 2}
  m_PrefabInternal: {fileID: 2004107892}
--- !u!1 &842102271
GameObject:
  m_ObjectHideFlags: 0
  m_PrefabParentObject: {fileID: 0}
  m_PrefabInternal: {fileID: 0}
  serializedVersion: 5
  m_Component:
  - component: {fileID: 842102272}
  m_Layer: 0
  m_Name: VR Head As Tracker
  m_TagString: Untagged
  m_Icon: {fileID: 0}
  m_NavMeshLayer: 0
  m_StaticEditorFlags: 0
  m_IsActive: 1
--- !u!4 &842102272
Transform:
  m_ObjectHideFlags: 0
  m_PrefabParentObject: {fileID: 0}
  m_PrefabInternal: {fileID: 0}
  m_GameObject: {fileID: 842102271}
  m_LocalRotation: {x: -0, y: 0.38268322, z: -0, w: 0.9238797}
  m_LocalPosition: {x: 11.078932, y: -1.0947266, z: -10.888932}
  m_LocalScale: {x: 1, y: 1, z: 1}
  m_Children:
  - {fileID: 1384425234}
  - {fileID: 67696363}
  - {fileID: 604136749}
  - {fileID: 309570741}
  m_Father: {fileID: 0}
  m_RootOrder: 4
  m_LocalEulerAnglesHint: {x: 0, y: 45.000004, z: 0}
--- !u!1001 &849516200
Prefab:
  m_ObjectHideFlags: 0
  serializedVersion: 2
  m_Modification:
    m_TransformParent: {fileID: 933074798}
    m_Modifications:
    - target: {fileID: 4401767555350850, guid: 9aeb8971c915dd543ab3237064a713cd, type: 2}
      propertyPath: m_RootOrder
      value: 3
      objectReference: {fileID: 0}
    - target: {fileID: 1969535738047986, guid: 9aeb8971c915dd543ab3237064a713cd, type: 2}
      propertyPath: m_Name
      value: Gizmo Head Root
      objectReference: {fileID: 0}
    - target: {fileID: 4401767555350850, guid: 9aeb8971c915dd543ab3237064a713cd, type: 2}
      propertyPath: m_LocalPosition.x
      value: 0
      objectReference: {fileID: 0}
    - target: {fileID: 1127336526059424, guid: 9aeb8971c915dd543ab3237064a713cd, type: 2}
      propertyPath: m_Name
      value: VR SPACE
      objectReference: {fileID: 0}
    - target: {fileID: 4401767555350850, guid: 9aeb8971c915dd543ab3237064a713cd, type: 2}
      propertyPath: m_LocalRotation.x
      value: -0
      objectReference: {fileID: 0}
    - target: {fileID: 4401767555350850, guid: 9aeb8971c915dd543ab3237064a713cd, type: 2}
      propertyPath: m_LocalRotation.y
      value: -0
      objectReference: {fileID: 0}
    - target: {fileID: 4401767555350850, guid: 9aeb8971c915dd543ab3237064a713cd, type: 2}
      propertyPath: m_LocalRotation.z
      value: -0
      objectReference: {fileID: 0}
    - target: {fileID: 4401767555350850, guid: 9aeb8971c915dd543ab3237064a713cd, type: 2}
      propertyPath: m_LocalPosition.y
      value: 0
      objectReference: {fileID: 0}
    - target: {fileID: 4401767555350850, guid: 9aeb8971c915dd543ab3237064a713cd, type: 2}
      propertyPath: m_LocalPosition.z
      value: 0
      objectReference: {fileID: 0}
    m_RemovedComponents: []
  m_ParentPrefab: {fileID: 100100000, guid: 9aeb8971c915dd543ab3237064a713cd, type: 2}
  m_IsPrefabParent: 0
--- !u!1 &933074797
GameObject:
  m_ObjectHideFlags: 0
  m_PrefabParentObject: {fileID: 0}
  m_PrefabInternal: {fileID: 0}
  serializedVersion: 5
  m_Component:
  - component: {fileID: 933074798}
  m_Layer: 0
  m_Name: VR Head Face Boxing Mirroring (1)
  m_TagString: Untagged
  m_Icon: {fileID: 0}
  m_NavMeshLayer: 0
  m_StaticEditorFlags: 0
  m_IsActive: 1
--- !u!4 &933074798
Transform:
  m_ObjectHideFlags: 0
  m_PrefabParentObject: {fileID: 0}
  m_PrefabInternal: {fileID: 0}
  m_GameObject: {fileID: 933074797}
  m_LocalRotation: {x: -0, y: 0.38268322, z: -0, w: 0.9238797}
  m_LocalPosition: {x: 18.15, y: -1.0947266, z: -17.96}
  m_LocalScale: {x: 1, y: 1, z: 1}
  m_Children:
  - {fileID: 967437234}
  - {fileID: 1851101156}
  - {fileID: 1460738614}
  - {fileID: 492677989}
  m_Father: {fileID: 0}
  m_RootOrder: 6
  m_LocalEulerAnglesHint: {x: 0, y: 45.000004, z: 0}
--- !u!1 &967437233
GameObject:
  m_ObjectHideFlags: 0
  m_PrefabParentObject: {fileID: 0}
  m_PrefabInternal: {fileID: 0}
  serializedVersion: 5
  m_Component:
  - component: {fileID: 967437234}
  - component: {fileID: 967437235}
  m_Layer: 0
  m_Name: Script
  m_TagString: Untagged
  m_Icon: {fileID: 0}
  m_NavMeshLayer: 0
  m_StaticEditorFlags: 0
  m_IsActive: 1
--- !u!4 &967437234
Transform:
  m_ObjectHideFlags: 0
  m_PrefabParentObject: {fileID: 0}
  m_PrefabInternal: {fileID: 0}
  m_GameObject: {fileID: 967437233}
  m_LocalRotation: {x: 0, y: 0, z: 0, w: 1}
  m_LocalPosition: {x: 0, y: 0, z: 0}
  m_LocalScale: {x: 1, y: 1, z: 1}
  m_Children: []
  m_Father: {fileID: 933074798}
  m_RootOrder: 0
  m_LocalEulerAnglesHint: {x: 0, y: 0, z: 0}
--- !u!114 &967437235
MonoBehaviour:
  m_ObjectHideFlags: 0
  m_PrefabParentObject: {fileID: 0}
  m_PrefabInternal: {fileID: 0}
  m_GameObject: {fileID: 967437233}
  m_Enabled: 1
  m_EditorHideFlags: 0
  m_Script: {fileID: 11500000, guid: 8d495b29d5e7f204f9086811062bb83a, type: 3}
  m_Name: 
  m_EditorClassIdentifier: 
  m_toLeftHandAffect: {fileID: 1851101156}
  m_toRightHandAffect: {fileID: 1460738614}
  m_root: {fileID: 933074798}
  m_head: {fileID: 1810939304}
  m_leftHand: {fileID: 1066393164}
  m_rightHand: {fileID: 973610482}
--- !u!1001 &973610481
Prefab:
  m_ObjectHideFlags: 0
  serializedVersion: 2
  m_Modification:
    m_TransformParent: {fileID: 1436394320}
    m_Modifications:
    - target: {fileID: 4401767555350850, guid: 9aeb8971c915dd543ab3237064a713cd, type: 2}
      propertyPath: m_RootOrder
      value: 3
      objectReference: {fileID: 0}
    - target: {fileID: 1969535738047986, guid: 9aeb8971c915dd543ab3237064a713cd, type: 2}
      propertyPath: m_Name
      value: Gizmo Hand Right
      objectReference: {fileID: 0}
    - target: {fileID: 4401767555350850, guid: 9aeb8971c915dd543ab3237064a713cd, type: 2}
      propertyPath: m_LocalPosition.x
      value: 0
      objectReference: {fileID: 0}
    - target: {fileID: 1127336526059424, guid: 9aeb8971c915dd543ab3237064a713cd, type: 2}
      propertyPath: m_Name
      value: VR SPACE
      objectReference: {fileID: 0}
    - target: {fileID: 4401767555350850, guid: 9aeb8971c915dd543ab3237064a713cd, type: 2}
      propertyPath: m_LocalRotation.x
      value: -0
      objectReference: {fileID: 0}
    - target: {fileID: 4401767555350850, guid: 9aeb8971c915dd543ab3237064a713cd, type: 2}
      propertyPath: m_LocalRotation.y
      value: -0
      objectReference: {fileID: 0}
    - target: {fileID: 4401767555350850, guid: 9aeb8971c915dd543ab3237064a713cd, type: 2}
      propertyPath: m_LocalRotation.z
      value: -0
      objectReference: {fileID: 0}
    - target: {fileID: 4401767555350850, guid: 9aeb8971c915dd543ab3237064a713cd, type: 2}
      propertyPath: m_LocalPosition.y
      value: 0
      objectReference: {fileID: 0}
    - target: {fileID: 4401767555350850, guid: 9aeb8971c915dd543ab3237064a713cd, type: 2}
      propertyPath: m_LocalPosition.z
      value: 0
      objectReference: {fileID: 0}
    m_RemovedComponents: []
  m_ParentPrefab: {fileID: 100100000, guid: 9aeb8971c915dd543ab3237064a713cd, type: 2}
  m_IsPrefabParent: 0
--- !u!4 &973610482 stripped
Transform:
  m_PrefabParentObject: {fileID: 4401767555350850, guid: 9aeb8971c915dd543ab3237064a713cd,
    type: 2}
  m_PrefabInternal: {fileID: 973610481}
--- !u!1 &973610483 stripped
GameObject:
  m_PrefabParentObject: {fileID: 1969535738047986, guid: 9aeb8971c915dd543ab3237064a713cd,
    type: 2}
  m_PrefabInternal: {fileID: 973610481}
--- !u!114 &973610484
MonoBehaviour:
  m_ObjectHideFlags: 0
  m_PrefabParentObject: {fileID: 0}
  m_PrefabInternal: {fileID: 0}
  m_GameObject: {fileID: 973610483}
  m_Enabled: 1
  m_EditorHideFlags: 0
  m_Script: {fileID: 11500000, guid: 98a5d427165dd32478a83c9c57d64990, type: 3}
  m_Name: 
  m_EditorClassIdentifier: 
  m_roomRoot: {fileID: 1436394320}
  m_toAffect: {fileID: 973610482}
  m_vrTracked: 5
--- !u!1001 &1066393163
Prefab:
  m_ObjectHideFlags: 0
  serializedVersion: 2
  m_Modification:
    m_TransformParent: {fileID: 1436394320}
    m_Modifications:
    - target: {fileID: 4401767555350850, guid: 9aeb8971c915dd543ab3237064a713cd, type: 2}
      propertyPath: m_RootOrder
      value: 2
      objectReference: {fileID: 0}
    - target: {fileID: 1969535738047986, guid: 9aeb8971c915dd543ab3237064a713cd, type: 2}
      propertyPath: m_Name
      value: Gizmo Hand Left
      objectReference: {fileID: 0}
    - target: {fileID: 4401767555350850, guid: 9aeb8971c915dd543ab3237064a713cd, type: 2}
      propertyPath: m_LocalPosition.x
      value: 0
      objectReference: {fileID: 0}
    - target: {fileID: 1127336526059424, guid: 9aeb8971c915dd543ab3237064a713cd, type: 2}
      propertyPath: m_Name
      value: VR SPACE
      objectReference: {fileID: 0}
    - target: {fileID: 4401767555350850, guid: 9aeb8971c915dd543ab3237064a713cd, type: 2}
      propertyPath: m_LocalRotation.x
      value: -0
      objectReference: {fileID: 0}
    - target: {fileID: 4401767555350850, guid: 9aeb8971c915dd543ab3237064a713cd, type: 2}
      propertyPath: m_LocalRotation.y
      value: -0
      objectReference: {fileID: 0}
    - target: {fileID: 4401767555350850, guid: 9aeb8971c915dd543ab3237064a713cd, type: 2}
      propertyPath: m_LocalRotation.z
      value: -0
      objectReference: {fileID: 0}
    - target: {fileID: 4401767555350850, guid: 9aeb8971c915dd543ab3237064a713cd, type: 2}
      propertyPath: m_LocalPosition.y
      value: 0
      objectReference: {fileID: 0}
    - target: {fileID: 4401767555350850, guid: 9aeb8971c915dd543ab3237064a713cd, type: 2}
      propertyPath: m_LocalPosition.z
      value: 0
      objectReference: {fileID: 0}
    m_RemovedComponents: []
  m_ParentPrefab: {fileID: 100100000, guid: 9aeb8971c915dd543ab3237064a713cd, type: 2}
  m_IsPrefabParent: 0
--- !u!4 &1066393164 stripped
Transform:
  m_PrefabParentObject: {fileID: 4401767555350850, guid: 9aeb8971c915dd543ab3237064a713cd,
    type: 2}
  m_PrefabInternal: {fileID: 1066393163}
--- !u!1 &1066393165 stripped
GameObject:
  m_PrefabParentObject: {fileID: 1969535738047986, guid: 9aeb8971c915dd543ab3237064a713cd,
    type: 2}
  m_PrefabInternal: {fileID: 1066393163}
--- !u!114 &1066393166
MonoBehaviour:
  m_ObjectHideFlags: 0
  m_PrefabParentObject: {fileID: 0}
  m_PrefabInternal: {fileID: 0}
  m_GameObject: {fileID: 1066393165}
  m_Enabled: 1
  m_EditorHideFlags: 0
  m_Script: {fileID: 11500000, guid: 98a5d427165dd32478a83c9c57d64990, type: 3}
  m_Name: 
  m_EditorClassIdentifier: 
  m_roomRoot: {fileID: 1436394320}
  m_toAffect: {fileID: 1066393164}
  m_vrTracked: 4
--- !u!4 &1128878515 stripped
Transform:
  m_PrefabParentObject: {fileID: 4401767555350850, guid: 9aeb8971c915dd543ab3237064a713cd,
    type: 2}
  m_PrefabInternal: {fileID: 1155872446}
--- !u!1001 &1155872446
Prefab:
  m_ObjectHideFlags: 0
  serializedVersion: 2
  m_Modification:
    m_TransformParent: {fileID: 54206643}
    m_Modifications:
    - target: {fileID: 4401767555350850, guid: 9aeb8971c915dd543ab3237064a713cd, type: 2}
      propertyPath: m_RootOrder
      value: 3
      objectReference: {fileID: 0}
    - target: {fileID: 1969535738047986, guid: 9aeb8971c915dd543ab3237064a713cd, type: 2}
      propertyPath: m_Name
      value: Gizmo Head Root
      objectReference: {fileID: 0}
    - target: {fileID: 4401767555350850, guid: 9aeb8971c915dd543ab3237064a713cd, type: 2}
      propertyPath: m_LocalPosition.x
      value: 0
      objectReference: {fileID: 0}
    - target: {fileID: 1127336526059424, guid: 9aeb8971c915dd543ab3237064a713cd, type: 2}
      propertyPath: m_Name
      value: VR SPACE
      objectReference: {fileID: 0}
    - target: {fileID: 4401767555350850, guid: 9aeb8971c915dd543ab3237064a713cd, type: 2}
      propertyPath: m_LocalRotation.x
      value: -0
      objectReference: {fileID: 0}
    - target: {fileID: 4401767555350850, guid: 9aeb8971c915dd543ab3237064a713cd, type: 2}
      propertyPath: m_LocalRotation.y
      value: -0
      objectReference: {fileID: 0}
    - target: {fileID: 4401767555350850, guid: 9aeb8971c915dd543ab3237064a713cd, type: 2}
      propertyPath: m_LocalRotation.z
      value: -0
      objectReference: {fileID: 0}
    - target: {fileID: 4401767555350850, guid: 9aeb8971c915dd543ab3237064a713cd, type: 2}
      propertyPath: m_LocalPosition.y
      value: 0
      objectReference: {fileID: 0}
    - target: {fileID: 4401767555350850, guid: 9aeb8971c915dd543ab3237064a713cd, type: 2}
      propertyPath: m_LocalPosition.z
      value: 0
      objectReference: {fileID: 0}
    m_RemovedComponents: []
  m_ParentPrefab: {fileID: 100100000, guid: 9aeb8971c915dd543ab3237064a713cd, type: 2}
  m_IsPrefabParent: 0
--- !u!1 &1197822928
GameObject:
  m_ObjectHideFlags: 0
  m_PrefabParentObject: {fileID: 0}
  m_PrefabInternal: {fileID: 0}
  serializedVersion: 5
  m_Component:
  - component: {fileID: 1197822929}
  - component: {fileID: 1197822931}
  - component: {fileID: 1197822930}
  m_Layer: 5
  m_Name: Text
  m_TagString: Untagged
  m_Icon: {fileID: 0}
  m_NavMeshLayer: 0
  m_StaticEditorFlags: 0
  m_IsActive: 1
--- !u!224 &1197822929
RectTransform:
  m_ObjectHideFlags: 0
  m_PrefabParentObject: {fileID: 0}
  m_PrefabInternal: {fileID: 0}
  m_GameObject: {fileID: 1197822928}
  m_LocalRotation: {x: 0, y: 0, z: 0, w: 1}
  m_LocalPosition: {x: 0, y: 0, z: 0}
  m_LocalScale: {x: 1, y: 1, z: 1}
  m_Children: []
  m_Father: {fileID: 1513741414}
  m_RootOrder: 0
  m_LocalEulerAnglesHint: {x: 0, y: 0, z: 0}
  m_AnchorMin: {x: 0, y: 0}
  m_AnchorMax: {x: 1, y: 1}
  m_AnchoredPosition: {x: 0, y: 0}
  m_SizeDelta: {x: 0, y: 0}
  m_Pivot: {x: 0.5, y: 0.5}
--- !u!114 &1197822930
MonoBehaviour:
  m_ObjectHideFlags: 0
  m_PrefabParentObject: {fileID: 0}
  m_PrefabInternal: {fileID: 0}
  m_GameObject: {fileID: 1197822928}
  m_Enabled: 1
  m_EditorHideFlags: 0
  m_Script: {fileID: 708705254, guid: f5f67c52d1564df4a8936ccd202a3bd8, type: 3}
  m_Name: 
  m_EditorClassIdentifier: 
  m_Material: {fileID: 0}
  m_Color: {r: 0.19607843, g: 0.19607843, b: 0.19607843, a: 1}
  m_RaycastTarget: 1
  m_OnCullStateChanged:
    m_PersistentCalls:
      m_Calls: []
    m_TypeName: UnityEngine.UI.MaskableGraphic+CullStateChangedEvent, UnityEngine.UI,
      Version=1.0.0.0, Culture=neutral, PublicKeyToken=null
  m_FontData:
    m_Font: {fileID: 10102, guid: 0000000000000000e000000000000000, type: 0}
    m_FontSize: 14
    m_FontStyle: 0
    m_BestFit: 0
    m_MinSize: 10
    m_MaxSize: 40
    m_Alignment: 4
    m_AlignByGeometry: 0
    m_RichText: 1
    m_HorizontalOverflow: 0
    m_VerticalOverflow: 0
    m_LineSpacing: 1
  m_Text: 'Calibration

'
--- !u!222 &1197822931
CanvasRenderer:
  m_ObjectHideFlags: 0
  m_PrefabParentObject: {fileID: 0}
  m_PrefabInternal: {fileID: 0}
  m_GameObject: {fileID: 1197822928}
--- !u!1001 &1326761068
Prefab:
  m_ObjectHideFlags: 0
  serializedVersion: 2
  m_Modification:
    m_TransformParent: {fileID: 54206643}
    m_Modifications:
    - target: {fileID: 4401767555350850, guid: 9aeb8971c915dd543ab3237064a713cd, type: 2}
      propertyPath: m_RootOrder
      value: 2
      objectReference: {fileID: 0}
    - target: {fileID: 1969535738047986, guid: 9aeb8971c915dd543ab3237064a713cd, type: 2}
      propertyPath: m_Name
      value: Gizmo Hand Right
      objectReference: {fileID: 0}
    - target: {fileID: 4401767555350850, guid: 9aeb8971c915dd543ab3237064a713cd, type: 2}
      propertyPath: m_LocalPosition.x
      value: 0
      objectReference: {fileID: 0}
    - target: {fileID: 1127336526059424, guid: 9aeb8971c915dd543ab3237064a713cd, type: 2}
      propertyPath: m_Name
      value: VR SPACE
      objectReference: {fileID: 0}
    - target: {fileID: 4401767555350850, guid: 9aeb8971c915dd543ab3237064a713cd, type: 2}
      propertyPath: m_LocalRotation.x
      value: -0
      objectReference: {fileID: 0}
    - target: {fileID: 4401767555350850, guid: 9aeb8971c915dd543ab3237064a713cd, type: 2}
      propertyPath: m_LocalRotation.y
      value: -0
      objectReference: {fileID: 0}
    - target: {fileID: 4401767555350850, guid: 9aeb8971c915dd543ab3237064a713cd, type: 2}
      propertyPath: m_LocalRotation.z
      value: -0
      objectReference: {fileID: 0}
    - target: {fileID: 4401767555350850, guid: 9aeb8971c915dd543ab3237064a713cd, type: 2}
      propertyPath: m_LocalPosition.y
      value: 0
      objectReference: {fileID: 0}
    - target: {fileID: 4401767555350850, guid: 9aeb8971c915dd543ab3237064a713cd, type: 2}
      propertyPath: m_LocalPosition.z
      value: 0
      objectReference: {fileID: 0}
    m_RemovedComponents: []
  m_ParentPrefab: {fileID: 100100000, guid: 9aeb8971c915dd543ab3237064a713cd, type: 2}
  m_IsPrefabParent: 0
--- !u!1 &1345597117
GameObject:
  m_ObjectHideFlags: 0
  m_PrefabParentObject: {fileID: 0}
  m_PrefabInternal: {fileID: 0}
  serializedVersion: 5
  m_Component:
  - component: {fileID: 1345597118}
  - component: {fileID: 1345597120}
  - component: {fileID: 1345597119}
  m_Layer: 5
  m_Name: Left Hand State
  m_TagString: Untagged
  m_Icon: {fileID: 0}
  m_NavMeshLayer: 0
  m_StaticEditorFlags: 0
  m_IsActive: 1
--- !u!224 &1345597118
RectTransform:
  m_ObjectHideFlags: 0
  m_PrefabParentObject: {fileID: 0}
  m_PrefabInternal: {fileID: 0}
  m_GameObject: {fileID: 1345597117}
  m_LocalRotation: {x: 0, y: 0, z: 0, w: 1}
  m_LocalPosition: {x: 0, y: 0, z: 0}
  m_LocalScale: {x: 1, y: 1, z: 1}
  m_Children: []
  m_Father: {fileID: 549042684}
  m_RootOrder: 1
  m_LocalEulerAnglesHint: {x: 0, y: 0, z: 0}
  m_AnchorMin: {x: 0, y: 0.3}
  m_AnchorMax: {x: 0.5, y: 0.7}
  m_AnchoredPosition: {x: 0, y: 0}
  m_SizeDelta: {x: 0, y: 0}
  m_Pivot: {x: 0.5, y: 0.5}
--- !u!114 &1345597119
MonoBehaviour:
  m_ObjectHideFlags: 0
  m_PrefabParentObject: {fileID: 0}
  m_PrefabInternal: {fileID: 0}
  m_GameObject: {fileID: 1345597117}
  m_Enabled: 1
  m_EditorHideFlags: 0
  m_Script: {fileID: 708705254, guid: f5f67c52d1564df4a8936ccd202a3bd8, type: 3}
  m_Name: 
  m_EditorClassIdentifier: 
  m_Material: {fileID: 0}
  m_Color: {r: 0.19607843, g: 0.19607843, b: 0.19607843, a: 1}
  m_RaycastTarget: 1
  m_OnCullStateChanged:
    m_PersistentCalls:
      m_Calls: []
    m_TypeName: UnityEngine.UI.MaskableGraphic+CullStateChangedEvent, UnityEngine.UI,
      Version=1.0.0.0, Culture=neutral, PublicKeyToken=null
  m_FontData:
    m_Font: {fileID: 10102, guid: 0000000000000000e000000000000000, type: 0}
    m_FontSize: 14
    m_FontStyle: 0
    m_BestFit: 1
    m_MinSize: 10
    m_MaxSize: 200
    m_Alignment: 4
    m_AlignByGeometry: 0
    m_RichText: 1
    m_HorizontalOverflow: 0
    m_VerticalOverflow: 0
    m_LineSpacing: 1
  m_Text: '[m]'
--- !u!222 &1345597120
CanvasRenderer:
  m_ObjectHideFlags: 0
  m_PrefabParentObject: {fileID: 0}
  m_PrefabInternal: {fileID: 0}
  m_GameObject: {fileID: 1345597117}
--- !u!1 &1384425233
GameObject:
  m_ObjectHideFlags: 0
  m_PrefabParentObject: {fileID: 0}
  m_PrefabInternal: {fileID: 0}
  serializedVersion: 5
  m_Component:
  - component: {fileID: 1384425234}
  - component: {fileID: 1384425235}
  m_Layer: 0
  m_Name: Script
  m_TagString: Untagged
  m_Icon: {fileID: 0}
  m_NavMeshLayer: 0
  m_StaticEditorFlags: 0
  m_IsActive: 1
--- !u!4 &1384425234
Transform:
  m_ObjectHideFlags: 0
  m_PrefabParentObject: {fileID: 0}
  m_PrefabInternal: {fileID: 0}
  m_GameObject: {fileID: 1384425233}
  m_LocalRotation: {x: 0, y: 0, z: 0, w: 1}
  m_LocalPosition: {x: 0, y: 0, z: 0}
  m_LocalScale: {x: 1, y: 1, z: 1}
  m_Children: []
  m_Father: {fileID: 842102272}
  m_RootOrder: 0
  m_LocalEulerAnglesHint: {x: 0, y: 0, z: 0}
--- !u!114 &1384425235
MonoBehaviour:
  m_ObjectHideFlags: 0
  m_PrefabParentObject: {fileID: 0}
  m_PrefabInternal: {fileID: 0}
  m_GameObject: {fileID: 1384425233}
  m_Enabled: 1
  m_EditorHideFlags: 0
  m_Script: {fileID: 11500000, guid: 458a7b95f73d499409440daa7e8067e3, type: 3}
  m_Name: 
  m_EditorClassIdentifier: 
  m_toLeftHandAffect: {fileID: 67696363}
  m_toRightHandAffect: {fileID: 604136749}
  m_root: {fileID: 842102272}
  m_head: {fileID: 1810939304}
  m_leftHand: {fileID: 1066393164}
  m_rightHand: {fileID: 973610482}
--- !u!1 &1436394319
GameObject:
  m_ObjectHideFlags: 0
  m_PrefabParentObject: {fileID: 0}
  m_PrefabInternal: {fileID: 0}
  serializedVersion: 5
  m_Component:
  - component: {fileID: 1436394320}
  m_Layer: 0
  m_Name: VRSpace
  m_TagString: Untagged
  m_Icon: {fileID: 0}
  m_NavMeshLayer: 0
  m_StaticEditorFlags: 0
  m_IsActive: 1
--- !u!4 &1436394320
Transform:
  m_ObjectHideFlags: 0
  m_PrefabParentObject: {fileID: 0}
  m_PrefabInternal: {fileID: 0}
  m_GameObject: {fileID: 1436394319}
  m_LocalRotation: {x: -0, y: 0.38268322, z: -0, w: 0.9238797}
  m_LocalPosition: {x: 3.937151, y: -1.0947266, z: -3.8178654}
  m_LocalScale: {x: 1, y: 1, z: 1}
  m_Children:
  - {fileID: 554980651}
  - {fileID: 1810939304}
  - {fileID: 1066393164}
  - {fileID: 973610482}
  m_Father: {fileID: 0}
  m_RootOrder: 3
  m_LocalEulerAnglesHint: {x: 0, y: 45.000004, z: 0}
--- !u!4 &1460738614 stripped
Transform:
  m_PrefabParentObject: {fileID: 4401767555350850, guid: 9aeb8971c915dd543ab3237064a713cd,
    type: 2}
  m_PrefabInternal: {fileID: 1737491818}
--- !u!1 &1513741413
GameObject:
  m_ObjectHideFlags: 0
  m_PrefabParentObject: {fileID: 0}
  m_PrefabInternal: {fileID: 0}
  serializedVersion: 5
  m_Component:
  - component: {fileID: 1513741414}
  - component: {fileID: 1513741417}
  - component: {fileID: 1513741416}
  - component: {fileID: 1513741415}
  m_Layer: 5
  m_Name: Button
  m_TagString: Untagged
  m_Icon: {fileID: 0}
  m_NavMeshLayer: 0
  m_StaticEditorFlags: 0
  m_IsActive: 1
--- !u!224 &1513741414
RectTransform:
  m_ObjectHideFlags: 0
  m_PrefabParentObject: {fileID: 0}
  m_PrefabInternal: {fileID: 0}
  m_GameObject: {fileID: 1513741413}
  m_LocalRotation: {x: 0, y: 0, z: 0, w: 1}
  m_LocalPosition: {x: 0, y: 0, z: 0}
  m_LocalScale: {x: 1, y: 1, z: 1}
  m_Children:
  - {fileID: 1197822929}
  m_Father: {fileID: 549042684}
  m_RootOrder: 0
  m_LocalEulerAnglesHint: {x: 0, y: 0, z: 0}
  m_AnchorMin: {x: 0.3, y: 0}
  m_AnchorMax: {x: 0.7, y: 0.05}
  m_AnchoredPosition: {x: 0, y: 0}
  m_SizeDelta: {x: 0, y: 0}
  m_Pivot: {x: 0.5, y: 0.5}
--- !u!114 &1513741415
MonoBehaviour:
  m_ObjectHideFlags: 0
  m_PrefabParentObject: {fileID: 0}
  m_PrefabInternal: {fileID: 0}
  m_GameObject: {fileID: 1513741413}
  m_Enabled: 1
  m_EditorHideFlags: 0
  m_Script: {fileID: 1392445389, guid: f5f67c52d1564df4a8936ccd202a3bd8, type: 3}
  m_Name: 
  m_EditorClassIdentifier: 
  m_Navigation:
    m_Mode: 3
    m_SelectOnUp: {fileID: 0}
    m_SelectOnDown: {fileID: 0}
    m_SelectOnLeft: {fileID: 0}
    m_SelectOnRight: {fileID: 0}
  m_Transition: 1
  m_Colors:
    m_NormalColor: {r: 1, g: 1, b: 1, a: 1}
    m_HighlightedColor: {r: 0.9607843, g: 0.9607843, b: 0.9607843, a: 1}
    m_PressedColor: {r: 0.78431374, g: 0.78431374, b: 0.78431374, a: 1}
    m_DisabledColor: {r: 0.78431374, g: 0.78431374, b: 0.78431374, a: 0.5019608}
    m_ColorMultiplier: 1
    m_FadeDuration: 0.1
  m_SpriteState:
    m_HighlightedSprite: {fileID: 0}
    m_PressedSprite: {fileID: 0}
    m_DisabledSprite: {fileID: 0}
  m_AnimationTriggers:
    m_NormalTrigger: Normal
    m_HighlightedTrigger: Highlighted
    m_PressedTrigger: Pressed
    m_DisabledTrigger: Disabled
  m_Interactable: 1
  m_TargetGraphic: {fileID: 1513741416}
  m_OnClick:
    m_PersistentCalls:
      m_Calls:
      - m_Target: {fileID: 2092519093}
        m_MethodName: LaunchCalibration
        m_Mode: 4
        m_Arguments:
          m_ObjectArgument: {fileID: 0}
          m_ObjectArgumentAssemblyTypeName: UnityEngine.Object, UnityEngine
          m_IntArgument: 0
          m_FloatArgument: 5
          m_StringArgument: 
          m_BoolArgument: 0
        m_CallState: 2
    m_TypeName: UnityEngine.UI.Button+ButtonClickedEvent, UnityEngine.UI, Version=1.0.0.0,
      Culture=neutral, PublicKeyToken=null
--- !u!114 &1513741416
MonoBehaviour:
  m_ObjectHideFlags: 0
  m_PrefabParentObject: {fileID: 0}
  m_PrefabInternal: {fileID: 0}
  m_GameObject: {fileID: 1513741413}
  m_Enabled: 1
  m_EditorHideFlags: 0
  m_Script: {fileID: -765806418, guid: f5f67c52d1564df4a8936ccd202a3bd8, type: 3}
  m_Name: 
  m_EditorClassIdentifier: 
  m_Material: {fileID: 0}
  m_Color: {r: 1, g: 1, b: 1, a: 1}
  m_RaycastTarget: 1
  m_OnCullStateChanged:
    m_PersistentCalls:
      m_Calls: []
    m_TypeName: UnityEngine.UI.MaskableGraphic+CullStateChangedEvent, UnityEngine.UI,
      Version=1.0.0.0, Culture=neutral, PublicKeyToken=null
  m_Sprite: {fileID: 10905, guid: 0000000000000000f000000000000000, type: 0}
  m_Type: 1
  m_PreserveAspect: 0
  m_FillCenter: 1
  m_FillMethod: 4
  m_FillAmount: 1
  m_FillClockwise: 1
  m_FillOrigin: 0
--- !u!222 &1513741417
CanvasRenderer:
  m_ObjectHideFlags: 0
  m_PrefabParentObject: {fileID: 0}
  m_PrefabInternal: {fileID: 0}
  m_GameObject: {fileID: 1513741413}
--- !u!4 &1561274784 stripped
Transform:
  m_PrefabParentObject: {fileID: 4401767555350850, guid: 9aeb8971c915dd543ab3237064a713cd,
    type: 2}
  m_PrefabInternal: {fileID: 17672100}
--- !u!1001 &1737491818
Prefab:
  m_ObjectHideFlags: 0
  serializedVersion: 2
  m_Modification:
    m_TransformParent: {fileID: 933074798}
    m_Modifications:
    - target: {fileID: 4401767555350850, guid: 9aeb8971c915dd543ab3237064a713cd, type: 2}
      propertyPath: m_RootOrder
      value: 2
      objectReference: {fileID: 0}
    - target: {fileID: 1969535738047986, guid: 9aeb8971c915dd543ab3237064a713cd, type: 2}
      propertyPath: m_Name
      value: Gizmo Hand Right
      objectReference: {fileID: 0}
    - target: {fileID: 4401767555350850, guid: 9aeb8971c915dd543ab3237064a713cd, type: 2}
      propertyPath: m_LocalPosition.x
      value: 0
      objectReference: {fileID: 0}
    - target: {fileID: 1127336526059424, guid: 9aeb8971c915dd543ab3237064a713cd, type: 2}
      propertyPath: m_Name
      value: VR SPACE
      objectReference: {fileID: 0}
    - target: {fileID: 4401767555350850, guid: 9aeb8971c915dd543ab3237064a713cd, type: 2}
      propertyPath: m_LocalRotation.x
      value: -0
      objectReference: {fileID: 0}
    - target: {fileID: 4401767555350850, guid: 9aeb8971c915dd543ab3237064a713cd, type: 2}
      propertyPath: m_LocalRotation.y
      value: -0
      objectReference: {fileID: 0}
    - target: {fileID: 4401767555350850, guid: 9aeb8971c915dd543ab3237064a713cd, type: 2}
      propertyPath: m_LocalRotation.z
      value: -0
      objectReference: {fileID: 0}
    - target: {fileID: 4401767555350850, guid: 9aeb8971c915dd543ab3237064a713cd, type: 2}
      propertyPath: m_LocalPosition.y
      value: 0
      objectReference: {fileID: 0}
    - target: {fileID: 4401767555350850, guid: 9aeb8971c915dd543ab3237064a713cd, type: 2}
      propertyPath: m_LocalPosition.z
      value: 0
      objectReference: {fileID: 0}
    m_RemovedComponents: []
  m_ParentPrefab: {fileID: 100100000, guid: 9aeb8971c915dd543ab3237064a713cd, type: 2}
  m_IsPrefabParent: 0
--- !u!4 &1769281606 stripped
Transform:
  m_PrefabParentObject: {fileID: 4401767555350850, guid: 9aeb8971c915dd543ab3237064a713cd,
    type: 2}
  m_PrefabInternal: {fileID: 492650870}
--- !u!1001 &1810939303
Prefab:
  m_ObjectHideFlags: 0
  serializedVersion: 2
  m_Modification:
    m_TransformParent: {fileID: 1436394320}
    m_Modifications:
    - target: {fileID: 4401767555350850, guid: 9aeb8971c915dd543ab3237064a713cd, type: 2}
      propertyPath: m_RootOrder
      value: 1
      objectReference: {fileID: 0}
    - target: {fileID: 1969535738047986, guid: 9aeb8971c915dd543ab3237064a713cd, type: 2}
      propertyPath: m_Name
      value: Gizmo Local Head
      objectReference: {fileID: 0}
    - target: {fileID: 4401767555350850, guid: 9aeb8971c915dd543ab3237064a713cd, type: 2}
      propertyPath: m_LocalPosition.x
      value: 0
      objectReference: {fileID: 0}
    - target: {fileID: 1127336526059424, guid: 9aeb8971c915dd543ab3237064a713cd, type: 2}
      propertyPath: m_Name
      value: VR SPACE
      objectReference: {fileID: 0}
    - target: {fileID: 4401767555350850, guid: 9aeb8971c915dd543ab3237064a713cd, type: 2}
      propertyPath: m_LocalRotation.x
      value: -0
      objectReference: {fileID: 0}
    - target: {fileID: 4401767555350850, guid: 9aeb8971c915dd543ab3237064a713cd, type: 2}
      propertyPath: m_LocalRotation.y
      value: -0
      objectReference: {fileID: 0}
    - target: {fileID: 4401767555350850, guid: 9aeb8971c915dd543ab3237064a713cd, type: 2}
      propertyPath: m_LocalRotation.z
      value: -0
      objectReference: {fileID: 0}
    - target: {fileID: 4401767555350850, guid: 9aeb8971c915dd543ab3237064a713cd, type: 2}
      propertyPath: m_LocalPosition.y
      value: 0
      objectReference: {fileID: 0}
    - target: {fileID: 4401767555350850, guid: 9aeb8971c915dd543ab3237064a713cd, type: 2}
      propertyPath: m_LocalPosition.z
      value: 0
      objectReference: {fileID: 0}
    m_RemovedComponents: []
  m_ParentPrefab: {fileID: 100100000, guid: 9aeb8971c915dd543ab3237064a713cd, type: 2}
  m_IsPrefabParent: 0
--- !u!4 &1810939304 stripped
Transform:
  m_PrefabParentObject: {fileID: 4401767555350850, guid: 9aeb8971c915dd543ab3237064a713cd,
    type: 2}
  m_PrefabInternal: {fileID: 1810939303}
--- !u!1 &1810939305 stripped
GameObject:
  m_PrefabParentObject: {fileID: 1969535738047986, guid: 9aeb8971c915dd543ab3237064a713cd,
    type: 2}
  m_PrefabInternal: {fileID: 1810939303}
--- !u!114 &1810939306
MonoBehaviour:
  m_ObjectHideFlags: 0
  m_PrefabParentObject: {fileID: 0}
  m_PrefabInternal: {fileID: 0}
  m_GameObject: {fileID: 1810939305}
  m_Enabled: 1
  m_EditorHideFlags: 0
  m_Script: {fileID: 11500000, guid: 98a5d427165dd32478a83c9c57d64990, type: 3}
  m_Name: 
  m_EditorClassIdentifier: 
  m_roomRoot: {fileID: 1436394320}
  m_toAffect: {fileID: 1810939304}
  m_vrTracked: 3
--- !u!1 &1812533603
GameObject:
  m_ObjectHideFlags: 0
  m_PrefabParentObject: {fileID: 0}
  m_PrefabInternal: {fileID: 0}
  serializedVersion: 5
  m_Component:
  - component: {fileID: 1812533604}
  - component: {fileID: 1812533605}
  m_Layer: 0
  m_Name: Script
  m_TagString: Untagged
  m_Icon: {fileID: 0}
  m_NavMeshLayer: 0
  m_StaticEditorFlags: 0
  m_IsActive: 1
--- !u!4 &1812533604
Transform:
  m_ObjectHideFlags: 0
  m_PrefabParentObject: {fileID: 0}
  m_PrefabInternal: {fileID: 0}
  m_GameObject: {fileID: 1812533603}
  m_LocalRotation: {x: 0, y: 0, z: 0, w: 1}
  m_LocalPosition: {x: 0, y: 0, z: 0}
  m_LocalScale: {x: 1, y: 1, z: 1}
  m_Children: []
  m_Father: {fileID: 54206643}
  m_RootOrder: 0
  m_LocalEulerAnglesHint: {x: 0, y: 0, z: 0}
--- !u!114 &1812533605
MonoBehaviour:
  m_ObjectHideFlags: 0
  m_PrefabParentObject: {fileID: 0}
  m_PrefabInternal: {fileID: 0}
  m_GameObject: {fileID: 1812533603}
  m_Enabled: 1
  m_EditorHideFlags: 0
  m_Script: {fileID: 11500000, guid: 8d495b29d5e7f204f9086811062bb83a, type: 3}
  m_Name: 
  m_EditorClassIdentifier: 
  m_toLeftHandAffect: {fileID: 1561274784}
  m_toRightHandAffect: {fileID: 1846585801}
  m_root: {fileID: 54206643}
  m_head: {fileID: 1810939304}
  m_leftHand: {fileID: 1066393164}
  m_rightHand: {fileID: 973610482}
--- !u!4 &1846585801 stripped
Transform:
  m_PrefabParentObject: {fileID: 4401767555350850, guid: 9aeb8971c915dd543ab3237064a713cd,
    type: 2}
  m_PrefabInternal: {fileID: 1326761068}
--- !u!4 &1851101156 stripped
Transform:
  m_PrefabParentObject: {fileID: 4401767555350850, guid: 9aeb8971c915dd543ab3237064a713cd,
    type: 2}
  m_PrefabInternal: {fileID: 271695391}
--- !u!1001 &1860565142
Prefab:
  m_ObjectHideFlags: 0
  serializedVersion: 2
  m_Modification:
    m_TransformParent: {fileID: 0}
    m_Modifications:
    - target: {fileID: 4401767555350850, guid: 9aeb8971c915dd543ab3237064a713cd, type: 2}
      propertyPath: m_RootOrder
      value: 2
      objectReference: {fileID: 0}
    - target: {fileID: 1969535738047986, guid: 9aeb8971c915dd543ab3237064a713cd, type: 2}
      propertyPath: m_Name
      value: Gizmo_World
      objectReference: {fileID: 0}
    - target: {fileID: 4401767555350850, guid: 9aeb8971c915dd543ab3237064a713cd, type: 2}
      propertyPath: m_LocalRotation.w
      value: 1
      objectReference: {fileID: 0}
    - target: {fileID: 4401767555350850, guid: 9aeb8971c915dd543ab3237064a713cd, type: 2}
      propertyPath: m_LocalRotation.x
      value: 0
      objectReference: {fileID: 0}
    - target: {fileID: 4401767555350850, guid: 9aeb8971c915dd543ab3237064a713cd, type: 2}
      propertyPath: m_LocalRotation.y
      value: 0
      objectReference: {fileID: 0}
    - target: {fileID: 4401767555350850, guid: 9aeb8971c915dd543ab3237064a713cd, type: 2}
      propertyPath: m_LocalRotation.z
      value: 0
      objectReference: {fileID: 0}
    - target: {fileID: 4401767555350850, guid: 9aeb8971c915dd543ab3237064a713cd, type: 2}
      propertyPath: m_LocalPosition.x
      value: 0
      objectReference: {fileID: 0}
    - target: {fileID: 4401767555350850, guid: 9aeb8971c915dd543ab3237064a713cd, type: 2}
      propertyPath: m_LocalPosition.z
      value: 0
      objectReference: {fileID: 0}
    - target: {fileID: 4401767555350850, guid: 9aeb8971c915dd543ab3237064a713cd, type: 2}
      propertyPath: m_LocalEulerAnglesHint.y
      value: 0
      objectReference: {fileID: 0}
    m_RemovedComponents: []
  m_ParentPrefab: {fileID: 100100000, guid: 9aeb8971c915dd543ab3237064a713cd, type: 2}
  m_IsPrefabParent: 0
--- !u!1001 &2004107892
Prefab:
  m_ObjectHideFlags: 0
  serializedVersion: 2
  m_Modification:
    m_TransformParent: {fileID: 532077878}
    m_Modifications:
    - target: {fileID: 4401767555350850, guid: 9aeb8971c915dd543ab3237064a713cd, type: 2}
      propertyPath: m_RootOrder
      value: 3
      objectReference: {fileID: 0}
    - target: {fileID: 1969535738047986, guid: 9aeb8971c915dd543ab3237064a713cd, type: 2}
      propertyPath: m_Name
      value: Gizmo Head Root
      objectReference: {fileID: 0}
    - target: {fileID: 4401767555350850, guid: 9aeb8971c915dd543ab3237064a713cd, type: 2}
      propertyPath: m_LocalPosition.x
      value: 0
      objectReference: {fileID: 0}
    - target: {fileID: 1127336526059424, guid: 9aeb8971c915dd543ab3237064a713cd, type: 2}
      propertyPath: m_Name
      value: VR SPACE
      objectReference: {fileID: 0}
    - target: {fileID: 4401767555350850, guid: 9aeb8971c915dd543ab3237064a713cd, type: 2}
      propertyPath: m_LocalRotation.x
      value: -0
      objectReference: {fileID: 0}
    - target: {fileID: 4401767555350850, guid: 9aeb8971c915dd543ab3237064a713cd, type: 2}
      propertyPath: m_LocalRotation.y
      value: -0
      objectReference: {fileID: 0}
    - target: {fileID: 4401767555350850, guid: 9aeb8971c915dd543ab3237064a713cd, type: 2}
      propertyPath: m_LocalRotation.z
      value: -0
      objectReference: {fileID: 0}
    - target: {fileID: 4401767555350850, guid: 9aeb8971c915dd543ab3237064a713cd, type: 2}
      propertyPath: m_LocalPosition.y
      value: 0
      objectReference: {fileID: 0}
    - target: {fileID: 4401767555350850, guid: 9aeb8971c915dd543ab3237064a713cd, type: 2}
      propertyPath: m_LocalPosition.z
      value: 0
      objectReference: {fileID: 0}
    m_RemovedComponents: []
  m_ParentPrefab: {fileID: 100100000, guid: 9aeb8971c915dd543ab3237064a713cd, type: 2}
  m_IsPrefabParent: 0
--- !u!1 &2014069937
GameObject:
  m_ObjectHideFlags: 0
  m_PrefabParentObject: {fileID: 0}
  m_PrefabInternal: {fileID: 0}
  serializedVersion: 5
  m_Component:
  - component: {fileID: 2014069938}
  m_Layer: 0
  m_Name: Script
  m_TagString: Untagged
  m_Icon: {fileID: 0}
  m_NavMeshLayer: 0
  m_StaticEditorFlags: 0
  m_IsActive: 1
--- !u!4 &2014069938
Transform:
  m_ObjectHideFlags: 0
  m_PrefabParentObject: {fileID: 0}
  m_PrefabInternal: {fileID: 0}
  m_GameObject: {fileID: 2014069937}
  m_LocalRotation: {x: 0, y: 0, z: 0, w: 1}
  m_LocalPosition: {x: 22.961987, y: -2.984375, z: -22.001099}
  m_LocalScale: {x: 1, y: 1, z: 1}
  m_Children:
  - {fileID: 491923606}
  m_Father: {fileID: 0}
  m_RootOrder: 10
  m_LocalEulerAnglesHint: {x: 0, y: 0, z: 0}
--- !u!1 &2092519091
GameObject:
  m_ObjectHideFlags: 0
  m_PrefabParentObject: {fileID: 0}
  m_PrefabInternal: {fileID: 0}
  serializedVersion: 5
  m_Component:
  - component: {fileID: 2092519092}
  - component: {fileID: 2092519093}
  m_Layer: 0
  m_Name: Script
  m_TagString: Untagged
  m_Icon: {fileID: 0}
  m_NavMeshLayer: 0
  m_StaticEditorFlags: 0
  m_IsActive: 1
--- !u!4 &2092519092
Transform:
  m_ObjectHideFlags: 0
  m_PrefabParentObject: {fileID: 0}
  m_PrefabInternal: {fileID: 0}
  m_GameObject: {fileID: 2092519091}
  m_LocalRotation: {x: 0, y: 0, z: 0, w: 1}
  m_LocalPosition: {x: 0, y: 0, z: 0}
  m_LocalScale: {x: 1, y: 1, z: 1}
  m_Children: []
  m_Father: {fileID: 532077878}
  m_RootOrder: 0
  m_LocalEulerAnglesHint: {x: 0, y: 0, z: 0}
--- !u!114 &2092519093
MonoBehaviour:
  m_ObjectHideFlags: 0
  m_PrefabParentObject: {fileID: 0}
  m_PrefabInternal: {fileID: 0}
  m_GameObject: {fileID: 2092519091}
  m_Enabled: 1
  m_EditorHideFlags: 0
  m_Script: {fileID: 11500000, guid: 4fdb5016240948e468072a1db5522d1a, type: 3}
  m_Name: 
  m_EditorClassIdentifier: 
  m_toLeftHandAffect: {fileID: 526412673}
  m_toRightHandAffect: {fileID: 1769281606}
  m_root: {fileID: 532077878}
  m_head: {fileID: 1810939304}
  m_leftHand: {fileID: 1066393164}
  m_rightHand: {fileID: 973610482}
  m_currentRotationLeft: {x: 0, y: 0, z: 0, w: 0}
  m_currentRotationRight: {x: 0, y: 0, z: 0, w: 0}
  m_calibrationLeft: {x: 0, y: 0, z: 0, w: 0}
  m_calibrationRight: {x: 0, y: 0, z: 0, w: 0}
  m_launchCalibrationAtStart: 1
